@book{goossens93,
    author    = "Goossens, Michel and Mittlebach, Frank and Samarin, Alexander",
    title     = "The Latex Companion",
    year      = "1993",
    publisher = "Addison-Wesley",
    address   = "Reading, Massachusetts"
}

@misc{spotify,
  author = {Thaise Fernandes},
  title = {{Spotify Squad Framework Part I}},
  howpublished = "\url{https://medium.com/project-management-learnings/spotify-squad-framework-part-i-8f74bcfcd761}",
  year = {2017}, 
  note = "[Online; accessed 19-July-2018]"
}